@book{ baker:book,
  author    = "Russel Jacob Baker",
  title     = "CMOS: Circuit Design, Layout, and Simulation",
  edition   = "Third",
  publisher = "Wiley-IEEE Press",
  address   = "Piscataway, NJ",
  year      = "2010",
}

@online{ baker:bad,
  author    = "Russel Jacob Baker",
  title     = "Tutorial Examples of Bad Circuit Design from {CMOSedu.com}",
  url       = "http://cmosedu.com/cmos1/bad_design/bad_design.htm",
  urldate   = {2015-02-09}
}

@book{ lee:book,
  author    = "Thomas H. Lee",
  title     = "The Design of {CMOS} Radio-Frequency Integrated Circuits",
  edition   = "Second",
  publisher = "Cambridge Univeristy Press",
  address   = "Cambridge",
  year      = "2004",
}

@electonic{ murmann,
  author    = "Boris Murmann",
  title     = "Advanced Analog Integrated Circuit Design",
  howpublished ="Materiały dostępne dla słuchaczy przedmiotu {EE214}",
}

@online{ bsim4:manual,
  author    = "Navid Paydavosi and Tanvir Hasan Morshed and Darsen D. Lu and Wenwei (Morgan) Yang and Mohan V. Dunga and Xuemei (Jane) Xi and Jin He,
Weidong Liu and Kanyu and M. Cao and Xiaodong Jin and Jeff J. Ou and Mansun Chan and Ali M. Niknejad and Chenming Hu",
  title     = "{BSIM4v4.8.0} {MOSFET} Model - User’s Manual",
  year      = "2013",
  url       = "http://www-device.eecs.berkeley.edu/~bsim/Files/BSIM4/BSIM480/BSIM480_Manual.pdf",
  urldate   = {2015-02-09}
}

@article{ dsm_pn_cancel,
  author   = "Ashok Swaminathan and Kevin J. Wang and Ian Galton",
  journal  = IEEE_J_JSSC,
  title    = "A Wide-Bandwidth 2.4 {GHz} {ISM} Band {Fractional-N} {PLL} With Adaptive Phase Noise Cancellation",
  year     = "2007",
  month    = dec,
  volume   = "42",
  number   = "12",
  pages    = "2639--2650"
}

@electronic{ adec:cds:man,
  author    = "Tomasz Borejko and Michał Łukaszewicz and Jakub Kopański",
  title     = "Instrukcja obsługi środowiska Cadence Virtuoso dla przedmiotów realizowanych w Zakładzie Metod Projektowania w Mikroelektronice {IMiO PW}",
}
